Month,revenue,cost,profit
2023-12-31 00:00:00,10000,7000.0,3000.0
2024-01-31 00:00:00,11000,7700.0,3300.0
2024-02-29 00:00:00,12100,8470.0,3630.0
2024-03-31 00:00:00,13310,9317.0,3993.0
2024-04-30 00:00:00,14641,10248.7,4392.3
2024-05-31 00:00:00,16000,11000.0,5000.0
2024-06-30 00:00:00,16000,11000.0,5000.0
2024-07-31 00:00:00,16000,11000.0,5000.0
2024-08-31 00:00:00,16000,11000.0,5000.0
